[gd_scene load_steps=39 format=2]

[ext_resource path="res://scenes/Level.gd" type="Script" id=1]
[ext_resource path="res://FredokaOne-Regular.ttf" type="DynamicFontData" id=2]
[ext_resource path="res://controls/Box.gd" type="Script" id=3]
[ext_resource path="res://controls/MyButton.gd" type="Script" id=4]
[ext_resource path="res://RussoOne-Regular.ttf" type="DynamicFontData" id=5]
[ext_resource path="res://assets/textures/bg_grey.png" type="Texture" id=6]
[ext_resource path="res://assets/textures/bs_red.png" type="Texture" id=7]
[ext_resource path="res://controls/SwipeDetector.tscn" type="PackedScene" id=8]
[ext_resource path="res://assets/textures/play.png" type="Texture" id=9]
[ext_resource path="res://assets/textures/ic_restart.png" type="Texture" id=10]
[ext_resource path="res://scenes/Shared.tscn" type="PackedScene" id=11]
[ext_resource path="res://assets/textures/bs_grey.png" type="Texture" id=13]

[sub_resource type="BoxShape" id=8]
extents = Vector3( 2, 0.1, 1 )

[sub_resource type="CubeMesh" id=2]
size = Vector3( 4, 0.4, 2 )

[sub_resource type="SpatialMaterial" id=6]
albedo_color = Color( 0.972549, 0.458824, 0.0392157, 1 )

[sub_resource type="DynamicFont" id=16]
size = 240
extra_spacing_space = 2
font_data = ExtResource( 5 )

[sub_resource type="ViewportTexture" id=31]
viewport_path = NodePath("Lane/Box/MeshInstance/Viewport")

[sub_resource type="SpatialMaterial" id=30]
params_billboard_mode = 1
albedo_color = Color( 0.94902, 0.388235, 0.054902, 1 )
emission_enabled = true
emission = Color( 0.858824, 0.0705882, 0.0705882, 1 )
emission_energy = 1.0
emission_operator = 0
emission_on_uv2 = false

[sub_resource type="QuadMesh" id=27]
material = SubResource( 30 )

[sub_resource type="Curve" id=28]
min_value = -200.0
max_value = 200.0
_data = [ Vector2( 0, 1 ), 0.0, 0.0, 0, 0, Vector2( 0.343137, 156.364 ), 0.0, 0.0, 0, 0, Vector2( 1, 1 ), 0.0, 0.0, 0, 0 ]

[sub_resource type="Curve" id=29]
_data = [ Vector2( 0.0490196, 0.997727 ), 0.0, 0.0, 0, 0, Vector2( 0.985294, 0 ), 0.0, 0.0, 0, 0 ]

[sub_resource type="BoxShape" id=5]
extents = Vector3( 6, 1, 100 )

[sub_resource type="CubeMesh" id=4]
size = Vector3( 12, 2, 200 )

[sub_resource type="DynamicFont" id=18]
size = 64
font_data = ExtResource( 2 )

[sub_resource type="DynamicFont" id=39]
size = 32
font_data = ExtResource( 2 )

[sub_resource type="DynamicFont" id=33]
size = 48
font_data = ExtResource( 5 )

[sub_resource type="DynamicFont" id=19]
size = 54
font_data = ExtResource( 5 )

[sub_resource type="DynamicFont" id=38]
size = 32
font_data = ExtResource( 5 )

[sub_resource type="DynamicFont" id=20]
size = 24
font_data = ExtResource( 5 )

[sub_resource type="Animation" id=21]
length = 0.001
tracks/0/type = "bezier"
tracks/0/path = NodePath("TextureRect2:rect_rotation")
tracks/0/interp = 1
tracks/0/loop_wrap = true
tracks/0/imported = false
tracks/0/enabled = true
tracks/0/keys = {
"points": PoolRealArray( 360, -0.25, 0, 0.25, 0 ),
"times": PoolRealArray( 0.8 )
}

[sub_resource type="Animation" id=22]
resource_name = "rotate"
length = 0.8
loop = true
tracks/0/type = "value"
tracks/0/path = NodePath("TextureRect2:rect_rotation")
tracks/0/interp = 1
tracks/0/loop_wrap = true
tracks/0/imported = false
tracks/0/enabled = true
tracks/0/keys = {
"times": PoolRealArray( 0, 0.2, 0.4, 0.6, 0.8 ),
"transitions": PoolRealArray( 1, 1, 1, 1, 1 ),
"update": 0,
"values": [ 0.0, -90.0, -180.0, -270.0, -360.0 ]
}

[sub_resource type="Animation" id=36]
length = 0.001
tracks/0/type = "bezier"
tracks/0/path = NodePath("TextureRect2:rect_rotation")
tracks/0/interp = 1
tracks/0/loop_wrap = true
tracks/0/imported = false
tracks/0/enabled = true
tracks/0/keys = {
"points": PoolRealArray( 360, -0.25, 0, 0.25, 0 ),
"times": PoolRealArray( 0.8 )
}

[sub_resource type="Animation" id=37]
resource_name = "rotate"
length = 0.8
loop = true
tracks/0/type = "value"
tracks/0/path = NodePath("TextureRect2:rect_rotation")
tracks/0/interp = 1
tracks/0/loop_wrap = true
tracks/0/imported = false
tracks/0/enabled = true
tracks/0/keys = {
"times": PoolRealArray( 0, 0.2, 0.4, 0.6, 0.8 ),
"transitions": PoolRealArray( 1, 1, 1, 1, 1 ),
"update": 0,
"values": [ 0.0, -90.0, -180.0, -270.0, -360.0 ]
}

[sub_resource type="Animation" id=23]
length = 0.001
tracks/0/type = "value"
tracks/0/path = NodePath("TextureRect:rect_rotation")
tracks/0/interp = 1
tracks/0/loop_wrap = true
tracks/0/imported = false
tracks/0/enabled = true
tracks/0/keys = {
"times": PoolRealArray( 0 ),
"transitions": PoolRealArray( 1 ),
"update": 0,
"values": [ 0.0 ]
}

[sub_resource type="Animation" id=24]
resource_name = "rotate"
length = 0.8
loop = true
tracks/0/type = "value"
tracks/0/path = NodePath("TextureRect:rect_rotation")
tracks/0/interp = 1
tracks/0/loop_wrap = true
tracks/0/imported = false
tracks/0/enabled = true
tracks/0/keys = {
"times": PoolRealArray( 0, 0.2, 0.4, 0.6, 0.8 ),
"transitions": PoolRealArray( 1, 1, 1, 1, 1 ),
"update": 0,
"values": [ 0.0, 90.0, 180.0, 270.0, 360.0 ]
}

[sub_resource type="Animation" id=34]
length = 0.001
tracks/0/type = "value"
tracks/0/path = NodePath("TextureRect:rect_rotation")
tracks/0/interp = 1
tracks/0/loop_wrap = true
tracks/0/imported = false
tracks/0/enabled = true
tracks/0/keys = {
"times": PoolRealArray( 0 ),
"transitions": PoolRealArray( 1 ),
"update": 0,
"values": [ 0.0 ]
}

[sub_resource type="Animation" id=35]
resource_name = "rotate"
length = 0.8
loop = true
tracks/0/type = "value"
tracks/0/path = NodePath("TextureRect:rect_rotation")
tracks/0/interp = 1
tracks/0/loop_wrap = true
tracks/0/imported = false
tracks/0/enabled = true
tracks/0/keys = {
"times": PoolRealArray( 0, 0.2, 0.4, 0.6, 0.8 ),
"transitions": PoolRealArray( 1, 1, 1, 1, 1 ),
"update": 0,
"values": [ 0.0, 90.0, 180.0, 270.0, 360.0 ]
}

[sub_resource type="DynamicFont" id=25]
size = 32
font_data = ExtResource( 5 )

[node name="Level" type="Spatial"]
script = ExtResource( 1 )

[node name="Lane" type="Spatial" parent="."]

[node name="Camera" type="Camera" parent="Lane"]
transform = Transform( -1, -7.81597e-14, 8.74228e-08, 5.84496e-08, 0.743635, 0.668586, -6.50107e-08, 0.668586, -0.743635, 0, 10.4527, -3.53348 )
keep_aspect = 0
current = true

[node name="Box" type="RigidBody" parent="Lane"]
transform = Transform( 1, 0, 0, 0, 1, 0, 0, 0, 1, 0, -0.360055, 1.08589 )
mode = 1
contacts_reported = 1
contact_monitor = true
can_sleep = false
script = ExtResource( 3 )

[node name="CollisionShape" type="CollisionShape" parent="Lane/Box"]
transform = Transform( 1, 0, 0, 0, 1, 0, 0, 0, 1, 0, 0.312801, 0 )
shape = SubResource( 8 )

[node name="MeshInstance" type="MeshInstance" parent="Lane/Box"]
transform = Transform( 1, 0, 0, 0, 1, 0, 0, 0, 1, 0, 0.312801, 0 )
mesh = SubResource( 2 )
skeleton = NodePath("../..")
material/0 = SubResource( 6 )

[node name="Viewport" type="Viewport" parent="Lane/Box/MeshInstance"]
size = Vector2( 850, 240 )
transparent_bg = true
render_target_v_flip = true

[node name="Label" type="Label" parent="Lane/Box/MeshInstance/Viewport"]
anchor_right = 1.0
anchor_bottom = 1.0
margin_right = -2.0
margin_bottom = 14.0
custom_colors/font_color = Color( 1, 1, 1, 1 )
custom_constants/shadow_offset_x = 0
custom_fonts/font = SubResource( 16 )
text = "Start"
align = 1
valign = 1
autowrap = true
clip_text = true
uppercase = true

[node name="Sprite3D" type="Sprite3D" parent="Lane/Box/MeshInstance"]
transform = Transform( 0.291508, 0, 0, 0, 1, 0, 0, 0, 0.40215, 0, 0.323016, 0.045373 )
flip_h = true
flip_v = true
pixel_size = 0.015
axis = 1
texture = SubResource( 31 )

[node name="Explosion" type="CPUParticles" parent="Lane/Box"]
transform = Transform( 1, 0, 0, 0, 1, 0, 0, 0, 1, 0, 0, -0.993711 )
visible = false
explosiveness = 1.0
mesh = SubResource( 27 )
emission_shape = 1
emission_sphere_radius = 1.0
direction = Vector3( 0, 0, 0 )
spread = 90.0
gravity = Vector3( 0, 0, 0 )
initial_velocity = 1.0
linear_accel_curve = SubResource( 28 )
scale_amount_curve = SubResource( 29 )

[node name="Floor" type="StaticBody" parent="Lane"]
transform = Transform( 1, 0, 0, 0, 1, 0, 0, 0, 1, 0, -0.252187, 130.359 )

[node name="CollisionShape" type="CollisionShape" parent="Lane/Floor"]
transform = Transform( 1, 0, 0, 0, 1, 0, 0, 0, 1, 0, -1, -38 )
shape = SubResource( 5 )

[node name="MeshInstance" type="MeshInstance" parent="Lane/Floor"]
transform = Transform( 1, 0, 0, 0, 1, 0, 0, 0, 1, 0, -0.968514, -38.4372 )
mesh = SubResource( 4 )
material/0 = null

[node name="Start" type="TextureButton" parent="."]
anchor_left = 0.5
anchor_top = 1.0
anchor_right = 0.5
anchor_bottom = 1.0
margin_left = -285.0
margin_top = -538.0
margin_right = 286.0
margin_bottom = -255.0
script = ExtResource( 4 )

[node name="Label" type="Label" parent="Start"]
anchor_left = 0.5
anchor_top = 1.0
anchor_right = 0.5
anchor_bottom = 1.0
margin_left = -285.5
margin_top = -71.0
margin_right = 285.5
margin_bottom = 8.0
custom_colors/font_color = Color( 0.972549, 0.529412, 0.0117647, 1 )
custom_fonts/font = SubResource( 18 )
text = "Tap to start"
align = 1
valign = 2

[node name="Update" type="Label" parent="."]
visible = false
anchor_left = 0.5
anchor_top = 1.0
anchor_right = 0.5
anchor_bottom = 1.0
margin_left = -285.0
margin_top = -347.0
margin_right = 286.0
margin_bottom = -264.0
custom_colors/font_color = Color( 0.972549, 0.529412, 0.0117647, 1 )
custom_fonts/font = SubResource( 39 )
text = "New levels are being updated.
Stay tuned!"
align = 1
valign = 1
autowrap = true

[node name="Return" type="TextureButton" parent="."]
anchor_left = 0.5
anchor_top = 1.0
anchor_right = 0.5
anchor_bottom = 1.0
margin_left = -285.0
margin_top = -212.0
margin_right = 286.0
margin_bottom = -147.0
script = ExtResource( 4 )

[node name="Label" type="Label" parent="Return"]
anchor_right = 1.0
anchor_bottom = 1.0
margin_top = -8.0
margin_bottom = -8.0
custom_colors/font_color = Color( 0.470588, 0.470588, 0.470588, 1 )
custom_fonts/font = SubResource( 33 )
text = "Return"
align = 1
valign = 1
uppercase = true

[node name="SwipeDetector" parent="." instance=ExtResource( 8 )]

[node name="GameOver" type="TextureRect" parent="."]
visible = false
anchor_left = 0.5
anchor_top = 0.5
anchor_right = 0.5
anchor_bottom = 0.5
margin_left = -232.0
margin_top = -127.0
margin_right = 232.0
margin_bottom = 127.0
texture = ExtResource( 6 )
expand = true
stretch_mode = 2

[node name="Status" type="Label" parent="GameOver"]
anchor_right = 1.0
anchor_bottom = 1.0
margin_left = 16.0
margin_top = 11.0
margin_right = -15.0
margin_bottom = -130.0
custom_colors/font_color = Color( 1, 1, 1, 1 )
custom_fonts/font = SubResource( 19 )
text = "Level 1"
align = 1

[node name="Label" type="Label" parent="GameOver/Status"]
anchor_left = 0.5
anchor_top = 0.5
anchor_right = 0.5
anchor_bottom = 0.5
margin_left = -215.5
margin_top = 3.5
margin_right = 217.5
margin_bottom = 69.5
custom_colors/font_color = Color( 1, 1, 1, 1 )
custom_fonts/font = SubResource( 38 )
text = "Completed"
align = 1
valign = 1

[node name="Restart" type="TextureButton" parent="GameOver"]
visible = false
anchor_left = 0.5
anchor_top = 1.0
anchor_right = 0.5
anchor_bottom = 1.0
margin_left = -157.0
margin_top = -99.0
margin_right = -27.0
margin_bottom = -9.0
expand = true
stretch_mode = 3
script = ExtResource( 4 )

[node name="Label" type="Label" parent="GameOver/Restart"]
anchor_left = 0.5
anchor_top = 1.0
anchor_right = 0.5
anchor_bottom = 1.0
margin_left = -64.0
margin_top = -40.0
margin_right = 64.0
margin_bottom = -1.0
custom_fonts/font = SubResource( 20 )
text = "RESTART"
align = 1
valign = 1
uppercase = true

[node name="TextureRect" type="TextureRect" parent="GameOver/Restart"]
anchor_left = 0.5
anchor_right = 0.5
margin_left = -29.5
margin_right = 29.5
margin_bottom = 50.0
texture = ExtResource( 7 )
expand = true
stretch_mode = 4

[node name="TextureRect2" type="TextureRect" parent="GameOver/Restart"]
anchor_left = 0.5
anchor_right = 0.5
margin_left = -15.0
margin_top = 8.0
margin_right = 15.0
margin_bottom = 38.0
rect_pivot_offset = Vector2( 15, 15 )
texture = ExtResource( 10 )
expand = true

[node name="AnimationPlayer" type="AnimationPlayer" parent="GameOver/Restart"]
autoplay = "rotate"
anims/RESET = SubResource( 21 )
anims/rotate = SubResource( 22 )

[node name="Reset" type="TextureButton" parent="GameOver"]
anchor_left = 0.5
anchor_top = 1.0
anchor_right = 0.5
anchor_bottom = 1.0
margin_left = -64.0
margin_top = -99.0
margin_right = 65.0
margin_bottom = -9.0
expand = true
stretch_mode = 3
script = ExtResource( 4 )

[node name="Label" type="Label" parent="GameOver/Reset"]
anchor_left = 0.5
anchor_top = 1.0
anchor_right = 0.5
anchor_bottom = 1.0
margin_left = -125.5
margin_top = -39.0
margin_right = 125.5
custom_fonts/font = SubResource( 20 )
text = "PLAY LEVEL 1"
align = 1
valign = 1
uppercase = true

[node name="TextureRect" type="TextureRect" parent="GameOver/Reset"]
anchor_left = 0.5
anchor_right = 0.5
margin_left = -29.5
margin_right = 29.5
margin_bottom = 50.0
texture = ExtResource( 13 )
expand = true
stretch_mode = 4

[node name="TextureRect2" type="TextureRect" parent="GameOver/Reset"]
anchor_left = 0.5
anchor_right = 0.5
margin_left = -15.0
margin_top = 8.0
margin_right = 15.0
margin_bottom = 38.0
rect_pivot_offset = Vector2( 15, 15 )
texture = ExtResource( 10 )
expand = true

[node name="AnimationPlayer" type="AnimationPlayer" parent="GameOver/Reset"]
autoplay = "rotate"
anims/RESET = SubResource( 36 )
anims/rotate = SubResource( 37 )

[node name="Continue" type="TextureButton" parent="GameOver"]
visible = false
anchor_left = 0.5
anchor_top = 1.0
anchor_right = 0.5
anchor_bottom = 1.0
margin_left = 24.0
margin_top = -105.0
margin_right = 171.0
margin_bottom = -19.0
expand = true
script = ExtResource( 4 )

[node name="Label" type="Label" parent="GameOver/Continue"]
anchor_left = 0.5
anchor_top = 1.0
anchor_right = 0.5
anchor_bottom = 1.0
margin_left = -68.5
margin_top = -33.0
margin_right = 68.5
margin_bottom = 11.0
custom_fonts/font = SubResource( 20 )
text = "CONTINUE"
align = 1
valign = 1
uppercase = true

[node name="TextureRect" type="TextureRect" parent="GameOver/Continue"]
anchor_left = 0.5
anchor_right = 0.5
margin_left = -26.0
margin_top = 2.0
margin_right = 26.0
margin_bottom = 54.0
rect_pivot_offset = Vector2( 26, 26 )
texture = ExtResource( 9 )
expand = true
stretch_mode = 1

[node name="AnimationPlayer" type="AnimationPlayer" parent="GameOver/Continue"]
autoplay = "rotate"
anims/RESET = SubResource( 23 )
anims/rotate = SubResource( 24 )

[node name="Next" type="TextureButton" parent="GameOver"]
visible = false
anchor_left = 0.5
anchor_top = 1.0
anchor_right = 0.5
anchor_bottom = 1.0
margin_left = 24.0
margin_top = -105.0
margin_right = 171.0
margin_bottom = -19.0
expand = true
script = ExtResource( 4 )

[node name="Label" type="Label" parent="GameOver/Next"]
anchor_left = 0.5
anchor_top = 1.0
anchor_right = 0.5
anchor_bottom = 1.0
margin_left = -68.5
margin_top = -33.0
margin_right = 68.5
margin_bottom = 11.0
custom_fonts/font = SubResource( 20 )
text = "LEVEL 1"
align = 1
valign = 1
uppercase = true

[node name="TextureRect" type="TextureRect" parent="GameOver/Next"]
anchor_left = 0.5
anchor_right = 0.5
margin_left = -26.0
margin_top = 2.0
margin_right = 26.0
margin_bottom = 54.0
rect_pivot_offset = Vector2( 26, 26 )
texture = ExtResource( 9 )
expand = true
stretch_mode = 1

[node name="AnimationPlayer" type="AnimationPlayer" parent="GameOver/Next"]
autoplay = "rotate"
anims/RESET = SubResource( 34 )
anims/rotate = SubResource( 35 )

[node name="Name" type="TextureRect" parent="."]
anchor_left = 0.5
anchor_right = 0.5
margin_left = -102.0
margin_top = 104.0
margin_right = 102.0
margin_bottom = 170.0
texture = ExtResource( 6 )
expand = true
stretch_mode = 2

[node name="Label" type="Label" parent="Name"]
anchor_right = 1.0
anchor_bottom = 1.0
custom_colors/font_color = Color( 1, 1, 1, 1 )
custom_fonts/font = SubResource( 25 )
align = 1
valign = 1
uppercase = true

[node name="Shared" parent="." instance=ExtResource( 11 )]

[connection signal="button_up" from="Start" to="." method="_on_Start_button_up"]
[connection signal="button_up" from="Return" to="." method="_on_Return_button_up"]
[connection signal="button_up" from="GameOver/Restart" to="." method="_on_Restart_button_up"]
[connection signal="button_up" from="GameOver/Reset" to="." method="_on_Reset_button_up"]
[connection signal="button_up" from="GameOver/Continue" to="." method="_on_Continue_button_up"]
[connection signal="button_up" from="GameOver/Next" to="." method="_on_Next_button_up"]
